

@article{mejía-ponce2023,
	title = {Ciencia abierta y acceso abierto: una aproximación conceptual a la ética y la calidad de la información},
	author = {{Mejía-Ponce}, Ma. Elieeneht},
	year = {2023},
	month = {12},
	date = {2023-12-20},
	journal = {Dixi},
	pages = {1--28},
	volume = {26},
	number = {1},
	doi = {10.16925/2357-5891.2024.01.04},
	url = {http://dx.doi.org/10.16925/2357-5891.2024.01.04}
}

@article{antunes2020,
	title = {Publicar en el ecosistema de la ciencia abierta},
	author = {Antunes, Maria da Luz and Sanches, Tatiana and Lopes, Carlos and {Alonso-Arévalo}, Julio},
	year = {2020},
	month = {09},
	date = {2020-09-15},
	journal = {Cuadernos de Documentación Multimedia},
	pages = {e71449},
	volume = {31},
	doi = {10.5209/cdmu.71449},
	url = {http://dx.doi.org/10.5209/cdmu.71449}
}
